@misc{ccp_microsoft,
  title = {{Competing Consumers pattern}},
  howpublished = {\url{https://msdn.microsoft.com/en-us/library/dn568101.aspx}},
  note = {Online; Accessed April 24th, 2016},
  year = {2016},
}

@misc{gk_microsoft,
  title = {{Gatekeeper pattern}},
  howpublished = {\url{https://msdn.microsoft.com/en-us/library/dn589793.aspx}},
  note = {Online; Accessed April 24th, 2016},
  year = {2016},
}

@misc{msdnThreads, title={Multithreaded Applications}, url={https://msdn.microsoft.com/en-us/library/ck8bc5c6.aspx}, journal={MSDN}, publisher={Microsoft}}

@inproceedings{noureddine2012preliminary,
  title={A preliminary study of the impact of software engineering on greenit},
  author={Noureddine, Adel and Bourdon, Aurelien and Rouvoy, Romain and Seinturier, Lionel},
  booktitle={Green and Sustainable Software (GREENS), 2012 First International Workshop on},
  pages={21--27},
  year={2012},
  organization={IEEE}
}